
@inproceedings{debs2022challenge,
  title     = {The DEBS 2022 Grand Challenge: Detecting Trading Trends in Financial Tick Data},
  author    = {Sebastian Frischbier and Jawad Tahir and Christoph Doblander and Arne Hormann and Ruben Mayer and Hans-Arno Jacobsen},
  booktitle = {The 16th ACM International Conference on Distributed and Event-based Systems (DEBS â€™22), June 27-July 1, 2022, Copenhagen. ACM, New York, NY, USA.},
  pages     = {},
  year      = {2022}
}


@misc{Bernhardt2007,
  author       = {Thomas Bernhardt and Alexandre Vasseur},
  howpublished = {Online article},
  title        = {Esper: Event Stream Processing and Correlation},
  url          = {http://onjava.com/pub/a/onjava/2007/03/07/esper-event-stream-processing-and-correlation.html},
  publisher    = {O'Reilly Media, Inc.},
  keywords     = {BPM CEP ESP Esper messaging},
  month        = {August},
  year         = 2007
}


@inproceedings{zaharia2010spark,
  title     = {Spark: cluster computing with working sets},
  optauthor = {Zaharia, Matei and Chowdhury, Mosharaf and Franklin, Michael J and Shenker, Scott and Stoica, Ion},
  author    = {Zaharia, Matei and others},
  booktitle = {USENIX HotCloud},
  pages     = {1--10},
  year      = {2010}
}


@article{alexandrov2014stratosphere,
  title   = {The {S}tratosphere platform for big data analytics},
  author  = {Alexandrov, Alexander and others},
  journal = {Proceedings of the VLDB Endowment},
  volume  = {23},
  number  = {6},
  year    = {2014}
}

